<?xml version="1.0" encoding="UTF-8"?><record xmlns="http://www.loc.gov/MARC21/slim" xmlns:cinclude="http://apache.org/cocoon/include/1.0" xmlns:zs="http://www.loc.gov/zing/srw/">
  <leader>00873cz  a2200229n  4500</leader>
  <controlfield tag="001">n  84161845 </controlfield>
  <controlfield tag="003">DLC</controlfield>
  <controlfield tag="005">20160423075506.0</controlfield>
  <controlfield tag="008">840913n| azannaabn          |a aaa      </controlfield>
  <datafield tag="010" ind1=" " ind2=" ">
    <subfield code="a">n  84161845 </subfield>
  </datafield>
  <datafield tag="035" ind1=" " ind2=" ">
    <subfield code="a">(OCoLC)oca01197153</subfield>
  </datafield>
  <datafield tag="040" ind1=" " ind2=" ">
    <subfield code="a">DLC</subfield>
    <subfield code="b">eng</subfield>
    <subfield code="e">rda</subfield>
    <subfield code="c">DLC</subfield>
    <subfield code="d">DLC</subfield>
    <subfield code="d">NcU</subfield>
  </datafield>
  <datafield tag="046" ind1=" " ind2=" ">
    <subfield code="f">1938-06-09</subfield>
    <subfield code="2">edtf</subfield>
  </datafield>
  <datafield tag="053" ind1=" " ind2="0">
    <subfield code="a">PR9387.9.A263</subfield>
  </datafield>
  <datafield tag="100" ind1="1" ind2=" ">
    <subfield code="a">Abiri, J. O. O.</subfield>
    <subfield code="q">(John Omoniyi Olayioye),</subfield>
    <subfield code="d">1938-</subfield>
  </datafield>
  <datafield tag="370" ind1=" " ind2=" ">
    <subfield code="c">Nigeria</subfield>
    <subfield code="2">naf</subfield>
  </datafield>
  <datafield tag="373" ind1=" " ind2=" ">
    <subfield code="a">University of Ilorin</subfield>
    <subfield code="a">University of Ibadan</subfield>
    <subfield code="2">naf</subfield>
  </datafield>
  <datafield tag="375" ind1=" " ind2=" ">
    <subfield code="a">male</subfield>
  </datafield>
  <datafield tag="377" ind1=" " ind2=" ">
    <subfield code="a">eng</subfield>
  </datafield>
  <datafield tag="378" ind1=" " ind2=" ">
    <subfield code="q">John Omoniyi Olayioye</subfield>
  </datafield>
  <datafield tag="400" ind1="1" ind2=" ">
    <subfield code="a">Abiri, John Omoniyi Olayioye,</subfield>
    <subfield code="d">1938-</subfield>
  </datafield>
  <datafield tag="670" ind1=" " ind2=" ">
    <subfield code="a">His The affective component of human resource development in Nigeria, 1980:</subfield>
    <subfield code="b">t.p. (Professor J.O.O. Abiri, Dean, Faculty of Education, Univ. of Ilorin, Nigeria) cover, etc. (John Omoniyi Olayioye Abiri; b. 6/9/38 ; Ph. D., Univ. of Ibadan, 1969)</subfield>
  </datafield>
</record>